@misc{article,
	title = {\textbf{MPI + MPI: a new hybrid approach to parallel programming with MPI plus shared memory}},
	date = {19 May 2013},
	howpublished = {\url{https://rd.springer.com/article/10.1007/s00607-013-0324-2}},
	author = {\textit{Torsten Hoefler, James Dinan, Darius Buntinas, Pavan Balaji, Brian Barrett, Ron Brightwell, William Gropp, Vivek Kale, Rajeev Thakur}}
}

@misc{openmp,
	author = {\textit{Rolf Rabenseifner, Georg Hager, Gabriele Jost}},
	title = {\textbf{Hybrid MPI and OpenMP Parallel Programming}},
	date = {13th of November 2013},
	howpublished = {\url{https://openmp.org/wp-content/uploads/HybridPP_Slides.pdf}, sl. 8},
}
